<?xml version="1.0" encoding="UTF-8"?><collection xmlns="http://www.loc.gov/MARC21/slim"><record><leader>00513nam--2200181-i-4500</leader><controlfield tag="001">000025834</controlfield><controlfield tag="002">20161230</controlfield><controlfield tag="005">20161230201036</controlfield><controlfield tag="008">060222s1000------------r-----000-0-fre-d</controlfield><datafield ind1=" " ind2=" " tag="040"><subfield code="a">IFIN-HH</subfield></datafield><datafield ind1=" " ind2=" " tag="041"><subfield code="a">frE</subfield></datafield><datafield ind1=" " ind2=" " tag="080"><subfield code="a">530.145:519.41/47</subfield></datafield><datafield ind1="1" ind2=" " tag="100"><subfield code="a">Kahan, Theo</subfield></datafield><datafield ind1="1" ind2="0" tag="245"><subfield code="a">Theorie des groupes en physique classique et quantique</subfield><subfield code="b">Tome ii: applications en physique classique</subfield><subfield code="c">Theo kahan</subfield></datafield><datafield ind1=" " ind2=" " tag="260"><subfield code="a">Paris</subfield><subfield code="b">Dunod</subfield><subfield code="c">1960</subfield></datafield><datafield ind1=" " ind2=" " tag="300"><subfield code="a">XIII + 338P</subfield></datafield><datafield ind1=" " ind2=" " tag="852"><subfield code="a">15022</subfield><subfield code="c">519.4</subfield></datafield><datafield ind1=" " ind2=" " tag="CAT"><subfield code="a">Sys</subfield><subfield code="c">20130809</subfield><subfield code="h">130806</subfield></datafield></record></collection>